@Article{ThesisDubs,
	author={Clemens Dubslaff},
	title={Quantitative Analysis of Configurable and Reconfigurable Systems},
	year={2021},
	pages={127},
	month={},
	note={},
	key={}
}

@online{PSR,
	title = {Prism Syntactic Reduction},
	url = {https://github.com/Necktschnagge/prism-syntactic-reduction}
}

@article{Krau14,
author = {Krause, Philipp},
year = {2014},
month = {05},
pages = {51â€“59},
title = {The complexity of register allocation},
volume = {168},
journal = {Discrete Applied Mathematics},
doi = {10.1016/j.dam.2013.03.015}
}
