@article{chaitin,
author = {Chaitin, G. J.},
title = {Register Allocation and Spilling via Graph Coloring},
year = {1982},
issue_date = {June 1982},
publisher = {Association for Computing Machinery},
address = {New York, NY, USA},
volume = {17},
number = {6},
issn = {0362-1340},
url = {https://doi.org/10.1145/872726.806984},
doi = {10.1145/872726.806984},
journal = {SIGPLAN Not.},
month = {jun},
pages = {98â€“101},
numpages = {4}
}