@misc{dubslaff2019breaking,
      title={Breaking the Limits of Redundancy Systems Analysis}, 
      author={Clemens Dubslaff and Kai Ding and Andrey Morozov and Christel Baier and Klaus Janschek},
      year={2019},
      eprint={1912.05364},
      archivePrefix={arXiv},
      primaryClass={eess.SY}
}