@article{liveanalysis,
author = {Appel, Andrew},
year = {2002},
month = {10},
pages = {},
title = {Modern compiler implementation in Java. With Jens Palsberg. 2nd ed},
isbn = {9780521820608},
doi = {10.1017/CBO9780511811432}
}