@article{Krau14,
author = {Krause, Philipp},
year = {2014},
month = {05},
pages = {51â€“59},
title = {The complexity of register allocation},
volume = {168},
journal = {Discrete Applied Mathematics},
doi = {10.1016/j.dam.2013.03.015}
}